@article{Gonzalez-Garcia:2002bkq,
    author = "Gonzalez-Garcia, M. C. and Nir, Yosef",
    title = "{Neutrino Masses and Mixing: Evidence and Implications}",
    eprint = "hep-ph/0202058",
    archivePrefix = "arXiv",
    reportNumber = "CERN-TH-2002-021, WIS-08-02-FEB-DPP",
    doi = "10.1103/RevModPhys.75.345",
    journal = "Rev. Mod. Phys.",
    volume = "75",
    pages = "345--402",
    year = "2003"
}

@article{Petcov:1976ff,
	author = {Petcov, S.T.},
	date-modified = {2021-02-05 02:49:45 -0700},
	journal = {Sov. J. Nucl. Phys.},
	note = {[Erratum: Sov. J. Nucl. Phys. 25, 698 (1977), Erratum: Yad. Fiz. 25, 1336 (1977)]},
	pages = {340},
	reportnumber = {JINR-E2-10176, JINR-P2-9595},
	title = {{The Processes $\mu \to e + \gamma$, $\mu \to e + e + \bar e$, $\nu^\prime \to \nu+ \gamma$ in the Weinberg-Salam Model with Neutrino Mixing}},
	volume = {25},
	 year = "1976"
}

@article{Edmonds:2021lzd,
    author = "Edmonds, Andrew and Brown, David and Vinas, Luciano and Pagan, Samantha",
    title = "{Using machine learning to select high-quality measurements}",
    eprint = "2106.08891",
    archivePrefix = "arXiv",
    primaryClass = "physics.data-an",
    doi = "10.1088/1748-0221/16/08/T08010",
    journal = "JINST",
    volume = "16",
    number = "08",
    pages = "T08010",
    year = "2021"
}

@article{Marciano:1977wx,
	author = {Marciano, W.J. and Sanda, A.I.},
	doi = {10.1016/0370-2693(77)90377-X},
	journal = {Phys. Lett. B},
	pages = {303--305},
	reportnumber = {COO-2232B-116},
	title = {{Exotic Decays of the Muon and Heavy Leptons in Gauge Theories}},
	volume = {67},
	year = {1977},
	Bdsk-Url-1 = {https://doi.org/10.1016/0370-2693(77)90377-X}
}
@article{Lee:1977qz,
    author = "Lee, B. W. and Pakvasa, S. and Shrock, R. E. and Sugawara, H.",
    title = "{Muon and Electron Number Nonconservation in a $V-A$ Gauge Model}",
    reportNumber = "FERMILAB-PUB-77-20-THY, FERMILAB-PUB-77-020-T",
    doi = "10.1103/PhysRevLett.38.937",
    journal = "Phys. Rev. Lett.",
    volume = "38",
    pages = "937",
    year = "1977",
    note = "[Erratum: Phys. Rev. Lett. 38, 1230 (1977)]"
}
@article{Lee:1977tib,
    author = "Lee, Benjamin W. and Shrock, Robert E.",
    title = "{Natural Suppression of Symmetry Violation in Gauge Theories: Muon - Lepton and Electron Lepton Number Nonconservation}",
    reportNumber = "FERMILAB-PUB-77-21-THY, FERMILAB-PUB-77-021-T",
    doi = "10.1103/PhysRevD.16.1444",
    journal = "Phys. Rev. D",
    volume = "16",
    pages = "1444",
    year = "1977"
}
@article{Blackstone:2019njl,
    author = "Blackstone, Patrick and Fael, Matteo and Passemar, Emilie",
    title = "{$\tau \rightarrow \mu \mu \mu $ at a rate of one out of $10^{14}$ tau decays?}",
    eprint = "1912.09862",
    archivePrefix = "arXiv",
    primaryClass = "hep-ph",
    reportNumber = "P3H-19-54, TPP19-48, SI-HEP-2019-22, JLAB-THY-19-3123",
    doi = "10.1140/epjc/s10052-020-8059-7",
    journal = "Eur. Phys. J. C",
    volume = "80",
    number = "6",
    pages = "506",
    year = "2020"
}
@article{Calibbi:2017uvl,
    author = "Calibbi, Lorenzo and Signorelli, Giovanni",
    title = "{Charged Lepton Flavour Violation: An Experimental and Theoretical Introduction}",
    eprint = "1709.00294",
    archivePrefix = "arXiv",
    primaryClass = "hep-ph",
    doi = "10.1393/ncr/i2018-10144-0",
    journal = "Riv. Nuovo Cim.",
    volume = "41",
    number = "2",
    pages = "71--174",
    year = "2018"
}

@article{Fukugita:1986hr,
    author = "Fukugita, M. and Yanagida, T.",
    title = "{Baryogenesis Without Grand Unification}",
    reportNumber = "RIFP-641",
    doi = "10.1016/0370-2693(86)91126-3",
    journal = "Phys. Lett. B",
    volume = "174",
    pages = "45--47",
    year = "1986"
}
@article{Davidson:2008bu,
    author = "Davidson, Sacha and Nardi, Enrico and Nir, Yosef",
    title = "{Leptogenesis}",
    eprint = "0802.2962",
    archivePrefix = "arXiv",
    primaryClass = "hep-ph",
    doi = "10.1016/j.physrep.2008.06.002",
    journal = "Phys. Rept.",
    volume = "466",
    pages = "105--177",
    year = "2008"
}

@article{SINDRUMII:2006dvw,
    author = "Bertl, Wilhelm H. and others",
    collaboration = "SINDRUM II",
    title = "{A Search for muon to electron conversion in muonic gold}",
    doi = "10.1140/epjc/s2006-02582-x",
    journal = "Eur. Phys. J. C",
    volume = "47",
    pages = "337--346",
    year = "2006"
}

@article{TDR,
    author = "Bartoszek, L. and others",
    collaboration = "Mu2e Collaboration",
    title = "{Mu2e Technical Design Report}",
    eprint = "1501.05241",
    archivePrefix = "arXiv",
    primaryClass = "physics.ins-det",
    reportNumber = "FERMILAB-TM-2594, FERMILAB-DESIGN-2014-01",
    doi = "10.2172/1172555",
    month = "10",
    year = "2014"
}

@article{Dzhilkibaev:1989zb,
    author = "Dzhilkibaev, R. M. and Lobashev, V. M.",
    title = "{On the Search for $\mu \to e$ Conversion on Nuclei. (In Russian)}",
    journal = "Sov. J. Nucl. Phys.",
    volume = "49",
    pages = "384--385",
    year = "1989"
}

@article{PhysRevAccelBeams.22.043501,
  title = {Third integer resonance extraction with presence of higher multipoles},
  author = {Nagaslaev, V. and Brown, K. A. and Tomizawa, M.},
  journal = {Phys. Rev. Accel. Beams},
  volume = {22},
  issue = {4},
  pages = {043501},
  numpages = {10},
  year = {2019},
  month = {Apr},
  publisher = {American Physical Society},
  doi = {10.1103/PhysRevAccelBeams.22.043501},
  url = {https://link.aps.org/doi/10.1103/PhysRevAccelBeams.22.043501}
}



@article{Atanova:2017ppl,
    author = "Atanova, O. and others",
    title = "{Measurement of the energy and time resolution of a undoped CsI + MPPC array for the Mu2e experiment}",
    eprint = "1702.03720",
    archivePrefix = "arXiv",
    primaryClass = "physics.ins-det",
    reportNumber = "FERMILAB-TM-2648-E",
    doi = "10.1088/1748-0221/12/05/P05007",
    journal = "JINST",
    volume = "12",
    number = "05",
    pages = "P05007",
    year = "2017"
}
@article{Czarnecki:2011mx,
    author = "Czarnecki, Andrzej and Garcia i Tormo, Xavier and Marciano, William J.",
    title = "{Muon decay in orbit: spectrum of high-energy electrons}",
    eprint = "1106.4756",
    archivePrefix = "arXiv",
    primaryClass = "hep-ph",
    reportNumber = "ALBERTA-THY-08-11",
    doi = "10.1103/PhysRevD.84.013006",
    journal = "Phys. Rev. D",
    volume = "84",
    pages = "013006",
    year = "2011"
}

@article{Szafron:2017guu,
    author = "Szafron, Robert",
    title = "{Radiative Corrections in Bound States}",
    doi = "10.5506/APhysPolB.48.2183",
    journal = "Acta Phys. Polon. B",
    volume = "48",
    pages = "2183",
    year = "2017"
}

@article{PhysRevD.25.2951,
  title = {Neutrinoless double-$\ensuremath{\beta}$ decay in SU(2)\ifmmode\times\else\texttimes\fi{}U(1) theories},
  author = {Schechter, J. and Valle, J. W. F.},
  journal = {Phys. Rev. D},
  volume = {25},
  issue = {11},
  pages = {2951--2954},
  numpages = {0},
  year = {1982},
  month = {Jun},
  publisher = {American Physical Society},
  doi = {10.1103/PhysRevD.25.2951},
  url = {https://link.aps.org/doi/10.1103/PhysRevD.25.2951}
}
@misc{docdb48639,
  author         = "D. Brown and B. Echenard",
  collaboration  = "Mu2e collaboration",
  title          = "Analysis core group charges",  
  note           = "Mu2e doc-db 48639",
  year           = 2024
}

@misc{docdb46856,
  author         = "D. Brown and others",
  collaboration  = "Mu2e collaboration",
  title          = "B Field Task Force Report",
  note           = "Mu2e doc-db 46856",
  year           = 2023
}

@article{geant4:2003,
  title = "{Geant4—A simulation toolkit}",
  author="A. Agostinelli and others",
  collaboration = "Geant4 collaboration",
  journal = {Nucl. Instrum. Methods Phys. Res. Sect. A},
  volume = {506},
  pages = {250--303},
  year = {2003}
}
@article{geant4:2006,
  title = "{Geant4 developments and applications}",
  author="J. Allison and others",
  journal = {IEEE Trans. Nucl. Sci.},
  volume = {53},
  pages = {270--278},
  year = {2006}
}
@article{geant4:2016,
  title = "{Recent developments in Geant4}",
  author="J. Allison and others",
  journal = {Nucl. Instrum. Methods Phys. Res. Sect. A},
  volume = {835},
  pages = {186--225},
  year = {2016}
}

@article{MARS:2009,
  title = "{Event Generators for the MCNP6, MCNPX, and MARS15 Transport Codes}",
  author="S. Mashnik and others",
  journal = { Nucl. Instrum. Methods Phys. Res. Sect. Beam Interact. Mater. Atoms},
  volume = {267},
  pages = {3426–-3433},
  year = {2009}
}
@article{MCNP:2012,
  title = "{Initial MCNP6 Release Overview}",
  author="T. Goorley and others",
  journal = {Nucl. Technol.},
  volume = {180},
  pages = {298–-315},
  year = {2012}
}
@article{FLUKA:2013,
  title = "{Hadron production simulation by FLUKA}",
  author="G. Battistoni and others",
  journal = { J. Phys. Conf. Ser.},
  volume = {408},
  pages = {012051},
  year = {2013}
}

@article{PHITS:2018,
  author = "T. Sato and others",
  title = "{Features of particle and heavy ion transport code system PHITS version 3.02.}",
  doi = "10.1080/00223131.2017.1419890",
  journal = {J. Nucl Sci Technol.},
  volume = {55(6)},
  pages = {684--690},
  year = {2018}
}




@misc{helicalc,
  title        = "The helicalc Integration Package",
  author        = "H. Glass and others",
  note         = "Mu2e doc-db 41682",
  year         = 2022
}

@misc{opera3D,
  author = "Opera",
  collaboration = "Opera Collaboration",
  title = "Opera. Electromagnetic and Electromechanical Simulation",
  howpublished = "\urlstyle{tt}\url{https://www.3ds.com/products/simulia/opera/}"
}



@article{Szafron:2016,
  author = "Szafron, Robert and others",
  title ="{Bound muon decay spectrum in the leading logarithmic accuracy}",
  doi = "10.1103/PhysRevD.94.051301",
  journal = "Phys. Rev. D",
  volume = "94",
  year = "2016"
}

@article{TWIST:2020,
  author= "A. Gaponenko and others",
  title= "Charged-particle spectra from $\mu$− capture on Al",
  journal = "Phys. Rev. C",
  volume = "101",
  pages = "035502",
  year = "2020"
}

@article{ALCAP:2022,
  author= "A. Edmonds and others",
  title= "Measurement of proton, deuteron, triton, and $\alpha$ particle emission after nuclear muon capture on Al",
  journal = "Phys. Rev. C",
  volume = "105",
  pages = "035501",
  year = "2022"
}

@article{MCnspectrum:1978,
  author= "T. Kozlowski and others",
  title= "The nuclear excitations and particle emission following muon capture",
  journal = "Nucl. Phys. A",
  volume = "305",
  pages = "368–-380",
  year = "1978"
}
@article{MCnnorm:1965,
  author= "B. Macdonald and others",
  title= "Neutrons from Negative-Muon Capture",
  journal = "Phys. Rev. B",
  volume = "139",
  pages = "1253--1263",
  year = "1965"
}

@article{TRIUMF:1999,
  author= "P. C. Bergbusch and others",
  title= " Radiative muon capture on O, Al, Si, Ti, Zr, and Ag",
  journal = "Phys. Rev. C",
  volume = "59",
  pages = "2853--2864",
  year = "2022"
}

@article{closureapprox,
  author= "P. Christillin and others",
  title= "Radiative muon capture in medium-heavy nuclei",
  journal = "Nucl. Phys. A",
  volume = "345",
  pages = "331--366",
  year = "1980"
}

@article{Bistirlich:1972,
  author= "J.A. Bistirlich and others",
  title= "Photon Spectra from Radiative Absorption of Pions in Nuclei",
  journal = "Phys. Rev. C",
  volume = "5",
  pages = "1867--1883",
  year = "1972"
}

@misc{DayaBay,
  author       = "M. Guan and others",
  collaboration = "Mu2e Collaboration",
  title        = "Muon Simulation at the Daya Bay Site",
  note         = "Mu2e doc-db 1566",
  year         = 2011
}


@article{CRY:2007,
  author= "C. Hangman and others",
  title= "Cosmic-ray shower generator (CRY) for Monte Carlo transport codes",
  journal = "Proceedings of the 2007 IEEE Nuclear Science Symposium Conference Record, Honolulu, HI, USA",
  volume    = "2",
  pages = "1143--1146",
  year      = 2007
}

@article{CORSIKA:1998,
  author= "D. Heck and others",
  title= "CORSIKA: A Monte Carlo Code to Simulate Extensive Air Showers",
  journal = "Karlsruhe Forschungszentrum Technical Report",
  volume    = "6019",
  year      = 1998
}


@misc{ExtMon:2014,
  author         = "A. Gaponenko",
  title          = "A silicon pixel based extinction monitor detector",
  collaboration  = "Mu2e Collaboration",
  note           = "Mu2e doc-db 2480",
  year           = 2014
}

@misc{docdb4665,
  author         = "R. Ray",
  title          = "Key Performance Parameters",
  collaboration  = "Mu2e Collaboration",
  note           = "Mu2e doc-db 4665",
  year           = 2016
}

@article{Tadel:2020hlt,
    author = "Tadel, Alja Mrak and Tadel, Matevz and Yagil, Avi and Kovalskyi, Dmytro and Linev, Sergey",
    editor = "Doglioni, C. and Kim, D. and Stewart, G. A. and Silvestris, L. and Jackson, P. and Kamleh, W.",
    collaboration = "CMS",
    title = "{EVE-7 and FireworksWeb: The next generation event visualization tools for ROOT and CMS}",
    reportNumber = "CMS-CR-2020-036",
    doi = "10.1051/epjconf/202024508027",
    journal = "EPJ Web Conf.",
    volume = "245",
    pages = "08027",
    year = "2020"
}

@article{Bellis:2018hej,
    author = "Bellis, Matthew and others",
    title = "{HEP Software Foundation Community White Paper Working Group \textendash{} Visualization}",
    eprint = "1811.10309",
    archivePrefix = "arXiv",
    primaryClass = "physics.comp-ph",
    reportNumber = "HSF-CWP-2017-15, FERMILAB-PUB-18-710-CD",
    month = "11",
    year = "2018"
}

@article{Mu2e:2022ggl,
    author = "Abdi, F. and others",
    collaboration = "Mu2e Collaboration",
    title = "{Mu2e Run I Sensitivity Projections for the Neutrinoless $\mu^- \to e^-$ Conversion Search in Aluminum}",
    eprint = "2210.11380",
    archivePrefix = "arXiv",
    primaryClass = "hep-ex",
    reportNumber = "FERMILAB-PUB-22-749-PPD",
    doi = "10.3390/universe9010054",
    journal = "Universe",
    volume = "9",
    number = "1",
    pages = "54",
    year = "2023"
}

@misc{Mu2e:DataManagementPlan,
    author = "Mu2e",
    collaboration = "Mu2e Collaboration",
    title = "{Mu2e Data Management Plan }",
    url = {https://publicdocs.fnal.gov/cgi-bin/ShowDocument?docid=515}
}

@misc{Mu2e:SoftwarePolicy,
    author = "D. Brown and others",
    collaboration = "Mu2e Collaboration",
    title = "{Mu2e Software Policy}",
    note   = "Mu2e-doc-26349",
    year   = 2019
}

% 
%    author = "David Brown and Bertrand Echenard",
%    title  = "{Analysis Core Group Charges}",
%    collaboration  = "Mu2e Collaboration",
%    note   = "Mu2e-doc-48639",
%    year   = 2024
%}


@misc{scons,
    title = "{SCons: A software construction tool}",
    url = {https://scons.org/}
}

@inproceedings{Gioiosa:2020tig,
    author = "Gioiosa, A. and others",
    title = "{Trigger-DAQ and Slow Controls Systems in the Mu2e Experiment}",
    booktitle = "{22nd IEEE Real Time Conference}",
    eprint = "2010.16208",
    archivePrefix = "arXiv",
    primaryClass = "physics.ins-det",
    reportNumber = "FERMILAB-CONF-20-753-PPD-SCD",
    month = "10",
    year = "2020"
}

@article{Gioiosa:2022dah,
    author = "Gioiosa, Antonio and others",
    title = "{Online DAQ and slow control interface for the Mu2e experiment}",
    reportNumber = "FERMILAB-CONF-22-054-PPD-SCD",
    doi = "10.22323/1.398.0823",
    journal = "PoS",
    volume = "EPS-HEP2021",
    pages = "823",
    year = "2022"
}

@article{Green:2012gv,
    author = "Green, C. and Kowalkowski, J. and Paterno, M. and Fischler, M. and Garren, L. and Lu, Q.",
    editor = {Ernst, Michael and D\"ullmann, Dirk and Rind, Ofer and Wong, Tony},
    title = "{The Art Framework}",
    reportNumber = "FERMILAB-PUB-12-301-CD",
    doi = "10.1088/1742-6596/396/2/022020",
    journal = "J. Phys. Conf. Ser.",
    volume = "396",
    pages = "022020",
    year = "2012"
}
@inproceedings{Biery:2018enl,
    author = "Biery, Kurt and Flumerfelt, Eric and Lyon, Adam and Rechenmacher, Ron and Rivera, Ryan and Rominsky, Mandy and Uplegger, Lorenzo and Votava, Margaret",
    title = "{The Fermilab Test Beam Facility Data Acquisition System Based on $otsdaq$}",
    booktitle = "{21st IEEE Real Time Conference}",
    eprint = "1806.07240",
    archivePrefix = "arXiv",
    primaryClass = "physics.ins-det",
    reportNumber = "FERMILAB-CONF-18-266-CD",
    month = "6",
    year = "2018"
}
@article{Mengel:2020wev,
    author = "Mengel, Marc and White, Stephen and Podstavkov, Vladimir and Wiersma, Margherita and Mazzacane, Anna and Herner, Kenneth",
    editor = "Doglioni, C. and Kim, D. and Stewart, G. A. and Silvestris, L. and Jackson, P. and Kamleh, W.",
    title = "{Production Operations Management System (POMS) for Fermilab Experiments}",
    reportNumber = "FERMILAB-CONF-20-734-AD-CCD-SCD",
    doi = "10.1051/epjconf/202024503024",
    journal = "EPJ Web Conf.",
    volume = "245",
    pages = "03024",
    year = "2020"
}

@article{gbl,
    title = {General broken lines as advanced track fitting method},
    journal = {Nuclear Instruments and Methods in Physics Research Section A: Accelerators, Spectrometers, Detectors and Associated Equipment},
    volume = {673},
    pages = {107-110},
    year = {2012},
    issn = {0168-9002},
    doi = {https://doi.org/10.1016/j.nima.2012.01.024},
    url = {https://www.sciencedirect.com/science/article/pii/S0168900212000642},
    author = {Claus Kleinwort},
}

@misc{millepede1,
      title={A New Method for the High-Precision Alignment of Track Detectors}, 
      author={Volker Blobel and Claus Kleinwort},
      year={2002},
      eprint={hep-ex/0208021},
      archivePrefix={arXiv}
}

@misc{millepede2,
    url = {https://www.desy.de/~kleinwrt/MP2/doc/html/draftman_page.html},
    author={Volker Blobel},
    year={2007},
    title={Millepede II draft manual}
}

@article{Brown:2024tur,
    author = "Brown, David",
    title = "{KinKal: A Kinematic Kalman filter Track Fitting Package for the Mu2e Experiment}",
    doi = "10.1051/epjconf/202429506001",
    journal = "EPJ Web Conf.",
    volume = "295",
    pages = "06001",
    year = "2024"
}
@article{Mandrichenko:2021spd,
    author = "Mandrichenko, Igor",
    collaboration = "DUNE",
    title = "{MetaCat - metadata catalog for data management systems}",
    reportNumber = "FERMILAB-CONF-21-061-SCD",
    doi = "10.1051/epjconf/202125102048",
    journal = "EPJ Web Conf.",
    volume = "251",
    pages = "02048",
    year = "2021"
}

@article{Barisits:2019fyl,
    author = "Barisits, Martin and others",
    title = "{Rucio - Scientific data management}",
    eprint = "1902.09857",
    archivePrefix = "arXiv",
    primaryClass = "cs.DC",
    reportNumber = "ATL-COM-SOFT-2018-100, FERMILAB-PUB-19-095-CD, 2510-2044",
    doi = "10.1007/s41781-019-0026-3",
    journal = "Comput. Softw. Big Sci.",
    volume = "3",
    number = "1",
    pages = "11",
    year = "2019"
}
@misc{trackerreqs,
    author = "Robert Bernstein and Aseet Mukherjee",
    title  = "{Tracker Requirements Document}",
    collaboration  = "Mu2e Collaboration",
    note   = "Mu2e doc-db 732",
    year   = 2014
}
@misc{triggerreqs,
    author = "Robert Tschirhart and others",
    title  = "{Trigger Requirements Document}",
    collaboration  = "Mu2e Collaboration",
    note   = "Mu2e-doc-1150",
    year   = 2015
}
@misc{beamreqs,
    author = "Robert Bernstein and Steve Werkema",
    title  = "{Proton Beam Requirements Document}",
    collaboration  = "Mu2e Collaboration",
    note   = "Mu2e-doc-1105",
    year   = 2016
}
@misc{corecharge,
    author = "David Brown and Bertrand Echenard",
    title  = "{Analysis Core Group Charges}",
    collaboration  = "Mu2e Collaboration",
    note   = "Mu2e-doc-48639",
    year   = 2024
}

